<?xml version="1.0" encoding="UTF-8"?><collection xmlns="http://www.loc.gov/MARC21/slim"><record><leader>00737nam--2200193-u-4500</leader><controlfield tag="001">000054626</controlfield><controlfield tag="002">20161230</controlfield><controlfield tag="005">20161230201051</controlfield><controlfield tag="008">120404s1000------------r-----000-0-eng-d</controlfield><datafield ind1=" " ind2=" " tag="040"><subfield code="a">IFIN-HH</subfield></datafield><datafield ind1=" " ind2=" " tag="080"><subfield code="a">539.143(061.3)</subfield></datafield><datafield ind1="1" ind2=" " tag="100"><subfield code="a">Feldmeier, Hans</subfield></datafield><datafield ind1="1" ind2="0" tag="245"><subfield code="a">Hirschegg 03 : nuclear structure and dynamics at the limits</subfield><subfield code="b">Proceedings of the international workshop xxxi on gross properties of nuclei and nuclear excitations hirschegg, austria, january 12-18, 2003</subfield><subfield code="c">Hans feldmeier, j. knoll, w. norenberg, j. wambach (eds.)</subfield></datafield><datafield ind1=" " ind2=" " tag="260"><subfield code="a">Darmstadt</subfield><subfield code="b">Gesellschaft Fur Schwerionenforschung</subfield><subfield code="c">2003</subfield></datafield><datafield ind1=" " ind2=" " tag="300"><subfield code="a">325P</subfield></datafield><datafield ind1="1" ind2=" " tag="700"><subfield code="a">Norenberg, W</subfield><subfield code="e">Ed</subfield></datafield><datafield ind1=" " ind2=" " tag="700"><subfield code="a">Wambach, J</subfield><subfield code="e">Ed</subfield></datafield><datafield ind1=" " ind2=" " tag="852"><subfield code="a">72096</subfield><subfield code="c">539.14</subfield></datafield><datafield ind1=" " ind2=" " tag="CAT"><subfield code="a">Sys</subfield><subfield code="c">20120404</subfield><subfield code="h">160834</subfield></datafield></record></collection>